@article {ClassicalPTS97,
    AUTHOR = {{Giles Barth}, {John Hatcliff}, and {Morten Heine SÃ¸rensen}},
     TITLE = {A Notion of Classical Pure Type System (Preliminary Version)},
   JOURNAL = {Electronic Notes in Theoretical Computer Science},
    NUMBER = {6},
      YEAR = {1997},
     PAGES = {4--59},
}

@proceedings{IntlSympLogicalFoundations94,
  title           = {International Symposium on Logical Foundations of Computer Science},
  year            = {1994},
  editor          = {{Anil Nerode}, {Yu. V. Matiyasevich}},
  series          = {Logical Foundations of Computer Science},
}

@inproceedings{PTSWithDefinitions,
  author          = {{Paula Severi},{Erik Poll}},
  title           = {Pure Type Systems With Definitions},
  booktitle       = {International Symposium on Logical Foundations of Computer Science},
  year            = {1994},
  crossref        = {IntlSympLogicalFoundations94}
}

@misc{FashionableMathematics,
  author = {Kevin Buzzard},
  title  = {Where is the fashionable mathematics?},
  note   = {Accessed: 2020-10-22},
  year   = {2020},
  howpublished = {\url{https://xenaproject.wordpress.com/2020/02/09/where-is-the-fashionable-mathematics/}}
}

@article{BarendregtPTS1,
  author          = {Henk Barendregt},
  title           = {Introduction to generalized type systems},
  journal         = {Journal of Functional Programming},
  volume          = {1},
  number          = {2},
  pages           = {125-154},
  year            = {1991}
}

@proceedings{CopenhagenRewrite2002,
  title           = {First International Workshop on Higher-Order Rewriting},
  year            = {2002},
  editor          = {D. Kesner, T. Nipkow and F. van Raamsdonk},
}

@inproceedings{RhoCalculus,
  author          = {Horatiu Cirstea, Claude Kirchner, Luigi Liquori, Benjamin Wack},
  title           = {The rho cube: some results, some problems},
  booktitle       = {First International Workshop on Higher-Order Rewriting},
  editor          = {D. Kesner, T. Nipkow and F. van Raamsdonk},
  year            = {2002},
  crossref        = {CopenhagenRewrite2002}
}