@article {ClassicalPTS97,
    AUTHOR = {{Giles Barth}, {John Hatcliff}, and {Morten Heine SÃ¸rensen}},
     TITLE = {A Notion of Classical Pure Type System (Preliminary Version)},
   JOURNAL = {Electronic Notes in Theoretical Computer Science},
    NUMBER = {6},
      YEAR = {1997},
     PAGES = {4--59},
}

@proceedings{IntlSympLogicalFoundations94,
  title           = {International Symposium on Logical Foundations of Computer Science},
  year            = {1994},
  editor          = {{Anil Nerode}, {Yu. V. Matiyasevich}},
  series          = {Logical Foundations of Computer Science},
}

@inproceedings{PTSWithDefinitions,
  author          = {{Paula Severi},{Erik Poll}},
  title           = {Pure Type Systems With Definitions},
  booktitle       = {International Symposium on Logical Foundations of Computer Science},
  year            = {1994},
  crossref        = {IntlSympLogicalFoundations94}
}
